
@Book{Beltran,
author = {Ferney Alberto Beltrán Molina },
ALTeditor = {},
title = {Diapositivas de Clase},
OPTmonth = {•},
OPTnote = {•},
OPTannote = {•}
}

@Book{Harris,
author = {Harry D. Harris \& S.Harris },
ALTeditor = {},
title = {Digital Design and Computer Architecture},
ALTpublisher = {•},
ALTyear = {•},
OPTkey = {•},
OPTvolume = {I},
OPTnumber = {•},
OPTseries = {•},
OPTaddress = {•},
OPTedition = {•},
OPTmonth = {•},
OPTnote = {•},
OPTannote = {•}
}

