@Book{Herrera,
author = {Fernando Augusto Herrera Le√≥n },
title = {Class's slides Electromagnetic Fields},
year = {2020}
}


